@phdthesis{Cardell1993b,
author = {Cardell, G. S.},
school = {California Institute of Technology},
title = {{Flow past a circular cylinder with a permeable splitter plate}},
type = {Doctoral dissertation},
year = {1993}
}